@book{helmholtz1863,
  author    = {H. von Helmholtz},
  title     = {On the Sensations of Tone as a Physiological Basis for the Theory of Music},
  year      = {1863},
  publisher = {Longmans, Green, and Co.},
  address   = {London}
}

@article{robin1878,
  author  = {V. Robin},
  title   = {Sur quelques points de la théorie des équations différentielles linéaires},
  journal = {Comptes Rendus de l'Académie des Sciences},
  volume  = {87},
  pages   = {333--335},
  year    = {1878}
}

@book{maxwell1873,
  author    = {J. C. Maxwell},
  title     = {A Treatise on Electricity and Magnetism},
  year      = {1873},
  publisher = {Clarendon Press},
  address   = {Oxford}
}

@article{einstein1905,
  author  = {A. Einstein},
  title   = {Zur Elektrodynamik bewegter Körper},
  journal = {Annalen der Physik},
  volume  = {322},
  number  = {10},
  pages   = {891--921},
  year    = {1905},
  doi     = {10.1002/andp.19053221004}
}

@article{planck1901,
  author  = {M. Planck},
  title   = {Über das Gesetz der Energieverteilung im Normalspektrum},
  journal = {Annalen der Physik},
  volume  = {309},
  number  = {3},
  pages   = {553--563},
  year    = {1901},
  doi     = {10.1002/andp.19013090310}
}

@article{heisenberg1927,
  author  = {W. Heisenberg},
  title   = {Über den anschaulichen Inhalt der quantentheoretischen Kinematik und Mechanik},
  journal = {Zeitschrift für Physik},
  volume  = {43},
  pages   = {172--198},
  year    = {1927},
  doi     = {10.1007/BF01397280}
}

@book{dirac1930,
  author    = {P. A. M. Dirac},
  title     = {The Principles of Quantum Mechanics},
  year      = {1930},
  publisher = {Oxford University Press},
  address   = {Oxford}
}

@article{schroedinger1926,
  author  = {E. Schrödinger},
  title   = {Quantisierung als Eigenwertproblem},
  journal = {Annalen der Physik},
  volume  = {384},
  number  = {4},
  pages   = {361--376},
  year    = {1926}
}

@book{mandelbrot1982,
  author    = {B. B. Mandelbrot},
  title     = {The Fractal Geometry of Nature},
  year      = {1982},
  publisher = {W. H. Freeman and Company},
  address   = {New York}
}

@article{born1926,
  author  = {M. Born},
  title   = {Zur Quantenmechanik der Stoßvorgänge},
  journal = {Zeitschrift für Physik},
  volume  = {37},
  pages   = {863--867},
  year    = {1926}
}

@book{feynman1963,
  author    = {R. P. Feynman},
  title     = {The Feynman Lectures on Physics},
  year      = {1963},
  publisher = {Addison-Wesley},
  address   = {Reading, Massachusetts}
}

@book{bohm1957,
  author    = {D. Bohm},
  title     = {Causality and Chance in Modern Physics},
  year      = {1957},
  publisher = {Routledge and Kegan Paul},
  address   = {London}
}

@article{einstein1916,
  author  = {A. Einstein},
  title   = {Die Grundlage der allgemeinen Relativitätstheorie},
  journal = {Annalen der Physik},
  volume  = {354},
  number  = {7},
  pages   = {769--822},
  year    = {1916}
}

@book{bornwolf1999,
  author    = {M. Born and E. Wolf},
  title     = {Principles of Optics},
  year      = {1999},
  edition   = {7th},
  publisher = {Cambridge University Press},
  address   = {Cambridge}
}

@article{paraview2005,
  author  = {A. Henderson},
  title   = {The ParaView Guide: A Parallel Visualization Application},
  journal = {Kitware Inc.},
  year    = {2005}
}

@article{numpy2020,
  author  = {C. R. Harris and K. J. Millman and S. J. van der Walt and others},
  title   = {Array programming with {NumPy}},
  journal = {Nature},
  volume  = {585},
  pages   = {357--362},
  year    = {2020},
  doi     = {10.1038/s41586-020-2649-2}
}

@article{pyvista2023,
  author  = {B. Sullivan and A. Kaszynski},
  title   = {PyVista: 3D plotting and mesh analysis through a streamlined interface for the Visualization Toolkit (VTK)},
  journal = {Journal of Open Source Software},
  volume  = {8},
  number  = {81},
  pages   = {5262},
  year    = {2023},
  doi     = {10.21105/joss.05262}
}
